@article{rout,
	number={}, 
	author = {Mrutyunjay Rout and Rajarshi Roy},
	title = {Dynamic deployment of randomly deployed mobile sensor nodes in the presence of obstacles},
	journal = {Ad Hoc Networks},
	volume = {46},
	pages = {12 - 22},
	year = {2016},
	issn = {1570-8705},
}
@article{zhong,
	number = {},
	title = {Distributed Coverage Control in Sensor Network Environments with Polygonal Obstacles},
	author = {Minyi Zhong and Christos G. Cassandras},
	journal = {IFAC Proceedings Volumes},
	volume = {41},
	pages = {4162 - 4167},
	year = {2008},
	note = {17th IFAC World Congress},
	issn = {1474-6670},
}

@INPROCEEDINGS{lindhe, 
	number={}, 
	author={M. Lindhe and P. Ogren and K. H. Johansson}, 
	booktitle={Proceedings of the 2005 IEEE International Conference on Robotics and Automation}, 
	title={Flocking with Obstacle Avoidance: A New Distributed Coordination Algorithm Based on Voronoi Partitions}, 
	year={2005}, 
	pages={1785-1790}, 
	ISSN={1050-4729}, 
	month={April},
}

@article{franco,
	number = {},
	author = {Carlos Franco and Dušan M. Stipanović and Gonzalo López-Nicolás and Carlos Sagüés and Sergio Llorente},
	title = {Persistent coverage control for a team of agents with collision avoidance},
	journal = {European Journal of Control},
	volume = {22},
	pages = {30 - 45},
	year = {2015},
	issn = {0947-3580},
	doi = {https://doi.org/10.1016/j.ejcon.2014.12.001},
	url = {http://www.sciencedirect.com/science/article/pii/S0947358014000946},
}


@article{kamon,
	author = {Ishay Kamon and Elon Rimon and Ehud Rivlin},
	title ={TangentBug: A Range-Sensor-Based Navigation Algorithm},
	journal = {The International Journal of Robotics Research},
	volume = {17},
	number = {},
	pages = {934-953},
	year = {1998},
	doi = {10.1177/027836499801700903},
}

@InProceedings{girard,
	author= {Antoine Girard and Colas Le Guernic and Oded Maler},
	number = {},
	title= {Efficient Computation of Reachable Sets of Linear Time-Invariant Systems with Inputs},
	booktitle= {Hybrid Systems: Computation and Control},
	year= {2006},
	publisher= {Springer Berlin Heidelberg},
	address= {Berlin, Heidelberg},
	pages= {257--271},
}

@INPROCEEDINGS{ferarri, 
	author={G. Ferrari-Trecate and L. Galbusera and M. P. E. Marciandi and R. Scattolini},
	number={}, 
	booktitle={2007 46th IEEE Conference on Decision and Control}, 
	title={A model predictive control scheme for consensus in multi-agent systems with single-integrator dynamics and input constraints}, 
	year={2007}, 
	volume={}, 
	pages={1492-1497}, 
	month={Dec},
}

@article{park,
	author = {Park, J-M and Kim, D-W and Yoon, Yongsoon and J Kim, H and Yi, K-S},
	number = {},
	year = {2009},
	month = {12},
	pages = {1499-1516},
	title = {Obstacle avoidance of autonomous vehicles based on model predictive control},
	volume = {223},
	journal = {Proceedings of The Institution of Mechanical Engineers Part D-journal of Automobile Engineering - PROC INST MECH ENG D-J AUTO},
	doi = {10.1243/09544070JAUTO1149}
}

@article{nguyen,
	author  ={M.T.Nguyen and C.StoicaManiu and S.Olaru},
	number = {},
	title = {Optimization-based control for Multi-Agent deployment via dynamic Voronoi partition},
	journal = {IFAC-PapersOnLine},
	volume = {50},
	
	pages = {1828 - 1833},
	year = {2017},
	note = {20th IFAC World Congress},
	issn = {2405-8963},
}

@article{mohseni1,
	author = {Mohseni, Fatemeh and Doustmohammadi, Ali and bagher Menhaj, Mohammad},
	number = {},
	title = {Distributed Receding Horizon Coverage Control for Multiple Non-holonomic Mobile Robots},
	journal = {IFAC Proceedings Volumes},
	volume = {45},
	pages = {97 - 102},
	year = {2012},
	note = {11th IFAC,IEEE International Conference on Programmable Devices and Embedded Systems},
	issn = {1474-6670},
}

@article{mohseni2,
	author = {Mohseni, Fatemeh and Doustmohammadi, Ali and bagher Menhaj, Mohammad},
	number = {},
	year = {2015},
	month = {11},
	pages = {},
	title = {Distributed model predictive coverage control for decoupled mobile robots},
	volume = {-1},
	journal = {Robotica},
	doi = {10.1017/S0263574715000892}
}

